@Article{1,
author = {Nasser H. Dardas and Nicolas D. Georganas},
title = {Real-Time Hand Gesture Detection and Recognition
Using Bag-of-Features and Support
Vector Machine Techniques},
journal = {IEEE TRANSACTIONS ON INSTRUMENTATION AND MEASUREMENT},
year = {2011},
}

@report{2,
author = {Qing Chen, Nicolas D. Georganas, Emil M. Petriu},
title = {Real-time Vision-based Hand Gesture Recognition Using Haar-like Features},
type = {School of Information Technology and Engineering},
institution = {University of Ottawa},
year = {2007},
}

